<record><leader>00000cas a22000007a 4500</leader><controlfield tag="001">19225607</controlfield><controlfield tag="008">890216d190419uupaucr ne      0    0eng d</controlfield><datafield ind1=" " ind2=" " tag="010"><subfield code="a">sn 89077624 </subfield></datafield><datafield ind1=" " ind2=" " tag="040"><subfield code="a">NPH</subfield><subfield code="b">eng</subfield><subfield code="c">NPH</subfield><subfield code="d">OCLCQ</subfield></datafield><datafield ind1=" " ind2=" " tag="042"><subfield code="a">msc</subfield></datafield><datafield ind1="0" ind2=" " tag="130"><subfield code="a">Shenango Valley news (Greenville, Pa. : 1904)</subfield></datafield><datafield ind1="1" ind2="4" tag="245"><subfield code="a">The Shenango Valley news.</subfield></datafield><datafield ind1=" " ind2=" " tag="260"><subfield code="a">Greenville, Pa. :</subfield><subfield code="b">Shenango Print. Co.,</subfield><subfield code="c">1904-</subfield></datafield><datafield ind1=" " ind2=" " tag="300"><subfield code="a">v. ;</subfield><subfield code="c">53 cm.</subfield></datafield><datafield ind1=" " ind2=" " tag="310"><subfield code="a">Semiweekly,</subfield><subfield code="b">Sept. 1, 1905-</subfield></datafield><datafield ind1=" " ind2=" " tag="321"><subfield code="a">Weekly,</subfield><subfield code="b">Jan. 15, 1904-Aug. 25, 1905</subfield></datafield><datafield ind1="0" ind2=" " tag="362"><subfield code="a">Vol. 22, no. 44 (Jan. 15, 1904)-</subfield></datafield><datafield ind1=" " ind2=" " tag="580"><subfield code="a">Continued by: Mercer County news (Greenville, Pa.) Cf. NIM: US, 1983.</subfield></datafield><datafield ind1=" " ind2=" " tag="752"><subfield code="a">United States</subfield><subfield code="b">Pennsylvania</subfield><subfield code="c">Mercer</subfield><subfield code="d">Greenville.</subfield></datafield><datafield ind1="0" ind2="0" tag="780"><subfield code="t">News (Greenville, Pa.)</subfield><subfield code="w">(DLC)sn 89077625</subfield></datafield><datafield ind1="1" ind2="0" tag="785"><subfield code="t">Mercer County news (Greenville, Pa.)</subfield></datafield><datafield ind1="1" ind2=" " tag="029"><subfield code="a">AU@</subfield><subfield code="b">000025881242</subfield></datafield></record>